@article{MazbouriMalik2012FS,
year = {2012},
title = {Finanzplatz Schweiz},
language = {ger},
author = {Mazbouri, Malik},
}

