Persée Citation List<comment{{NUMBER OF CITATIONS : 1}}

@article{283583,
title = {Les origines du secret bancaire suisse et son rôle dans la politique de la Confédération au sortir de la Seconde Guerre mondiale},
author = {Guex, Sébastien},
journal = {Genèses. Sciences sociales et histoire},
volume = {34},
number = {1},
pages = {4--27},
year = {1999},
ISSN = {1155-3219},
url = {https://www.persee.fr/doc/genes_1155-3219_1999_num_34_1_1549},
doi = {10.3406/genes.1999.1549},
language = {fre},
publisher = {Éditions Belin},
abstract = {Sébastien Guex: Le secret bancaire suisse. Institution aussi célèbre que controversée, le secret bancaire suisse reste largement méconnu sur le plan historique. Cet article a pour ambition de retracer quelques étapes cruciales de son histoire au cours de la première moitié du XXe siècle. Contrairement à une légende très prisée, l'ancrage légal de cette institution en 1934 - que beaucoup confondent avec la création du secret bancaire lui-même - ne répondait pas à la volonté de protéger les avoirs que les Juifs allemands victimes des persécutions nazies avaient déposés en Suisse. Il visait avant tout deux objectifs. Donner, d'une part, des garanties aux milieux bancaires helvétiques qu'inquiétait l'établissement d'une certaine surveillance par l'État de leurs activités. Rassurer, d'autre part, la clientèle française des établissements suisses, désécurisée par les démarches répétées et parfois musclées entreprises par le gouvernement de l'Hexagone pour entraver l'évasion fiscale des capitaux français vers la Suisse. À l'issue de la Deuxième Guerre mondiale, la question du secret bancaire suisse, et notamment des volumineux fonds français administrés à son ombre, s'est retrouvée au centre des relations, tendues, entre les puissances alliées et les autorités helvétiques. .}
}