@book{GiovanniniPierLuigi1978Lsds,
publisher = {DÃ©claration de Berne},
year = {1978},
title = {Les secrets du secret bancaire suisse},
language = {fre},
address = {Lausanne},
author = {Giovannini, Pier Luigi},
keywords = {secret bancaire--Suisse},
}

