@book{GiovanniniPierLuigi1978Lsds,
publisher = {Déclaration de Berne},
year = {1978},
title = {Les secrets du secret bancaire suisse},
language = {fr},
address = {Lausanne},
author = {Giovannini, Pier Luigi},
keywords = {secret bancaire--Suisse},
}

@article{Palan09,
issn = {1293-6146},
journal = {L'Économie politique},
pages = {22--40},
volume = {n 42},
number = {2},
year = {2009},
title = {Les paradis fiscaux : entre évasion fiscale, contournement des règles et inégalités mondiales},
language = {fr},
author = {Palan, Ronen and Murphy, Richard and Chavagneux, Christian and Mousli, Marc},
keywords = {Economics},
}

@article{insiderTrading83,
 ISSN = {00207829, 19306571},
 URL = {\url{http://www.jstor.org/stable/20692536}},
 author = {US Department of State},
 journal = {International Legal Materials},
 number = {1},
 pages = {1--12},
 publisher = {American Society of International Law},
 title = {Switzerland—United States: Memorandum of understanding to establish mutually acceptable means for improving international law enforcement cooperation in the field of insider trading},
 volume = {22},
 year = {1983}
}

@incollection{Chavagneux12,
author = {Chavagneux, Christian and Palan, Ronen},
journal = {Repères},
publisher = {Éditions La Découverte}, 
address = {Paris},
pages = {27--50},
year = {2012},
chapter={II.},
title = {Une histoire des paradis fiscaux},
booktitle = {Les paradis fiscaux},
language = {fr}
}


@article{tribunalFederal70,
 ISSN = {00207829, 19306571},
 URL = {\url{http://www.jstor.org/stable/20690634}},
 author = {{Tribunal Fédéral}},
 journal = {International Legal Materials},
 number = {3},
 pages = {567--582},
 publisher = {American Society of International Law},
 title = {Swiss court decision concerning obligation of banks to furnish information in tax fraud proceedings},
 volume = {9},
 year = {1970}
}

@incollection{Mazbouri12, 
year = {2012}, 
title = {Finanzplatz Schweiz}, 
language = {de}, 
author = {Mazbouri, Malik and Guex, Sébastien and Lopez, Rodrigo}, 
publisher = {Schwabe}, 
isbn = {9783796528156}, 
booktitle = {Wirtschaftsgeschichte der Schweiz im 20. Jahrhundert}, 
address = {Basel}, 
chapter={2.2},
pages={467-518} 
}

@article{Mueller69, 
  title={The Swiss Banking Secret}, 
  volume={18}, 
  DOI={10.1093/iclqaj/18.2.360}, 
  number={2}, 
  journal={International and Comparative Law Quarterly}, 
  publisher={Cambridge University Press}, 
  author={Mueller, Kurt}, 
  year={1969}, 
  pages={360–377}
 }

@article{Guex99,
title = {Les origines du secret bancaire suisse et son rôle dans la politique de
la Confédération au sortir de la Seconde Guerre mondiale},
author = {Guex, Sébastien},
journal = {Genèses. Sciences sociales et histoire},
volume = {34},
number = {1},
pages = {4--27},
year = {1999},
ISSN = {1155-3219},
URL = {\url{https://www.persee.fr/doc/genes_1155-3219_1999_num_34_1_1549}},
doi = {10.3406/genes.1999.1549},
language = {fr},
publisher = {Éditions Belin},
abstract = {Sébastien Guex: Le secret bancaire suisse. Institution aussi célèbre
que controversée, le secret bancaire suisse reste largement méconnu sur le plan
historique. Cet article a pour ambition de retracer quelques étapes cruciales de
son histoire au cours de la première moitié du XXe siècle. Contrairement à une
légende très prisée, l'ancrage légal de cette institution en 1934 - que beaucoup
confondent avec la création du secret bancaire lui-même - ne répondait pas à la
volonté de protéger les avoirs que les Juifs allemands victimes des persécutions
nazies avaient déposés en Suisse. Il visait avant tout deux objectifs. Donner,
d'une part, des garanties aux milieux bancaires helvétiques qu'inquiétait
l'établissement d'une certaine surveillance par l'État de leurs activités.
Rassurer, d'autre part, la clientèle française des établissements suisses,
désécurisée par les démarches répétées et parfois musclées entreprises par le
gouvernement de l'Hexagone pour entraver l'évasion fiscale des capitaux français
vers la Suisse. À l'issue de la Deuxième Guerre mondiale, la question du secret
bancaire suisse, et notamment des volumineux fonds français administrés à son
ombre, s'est retrouvée au centre des relations, tendues, entre les puissances
alliées et les autorités helvétiques. .}
}

@article{Guex00,
 ISSN = {00076805},
 URL = {\url{http://www.jstor.org/stable/3116693}},
 abstract = {For all its notoriety and controversial character, the history of
Swiss banking secrecy remains largely unexplored. This article traces the
crucial phases of its development. It reveals that the maintenance and
reinforcement of banking secrecy represented a major objective of Swiss
authorities throughout the twentieth century, and exerted a substantial
influence on Swiss domestic and foreign policy. It demonstrates that, contrary
to popular opinion, the institution of Swiss banking secrecy did not arise from
a desire to protect the funds deposited in Switzerland by Jewish victims of Nazi
persecution but rather had substantially different origins. Moreover, this
article shows that Swiss banking secrecy gave rise to tensions between
Switzerland and the Great Powers, especially during and after World War II, when
it poisoned relations between Switzerland and the United States.},
 author = {Guex, Sébastien},
 journal = {The Business History Review},
 number = {2},
 pages = {237--266},
 publisher = {[President and Fellows of Harvard College, Cambridge University Press]},
 title = {The Origins of the Swiss Banking Secrecy Law and Its Repercussions for
Swiss Federal Policy},
 volume = {74},
 year = {2000}
}

@incollection{Meier12,
abstract = {Summary All nations have privacy protections for bank customers. The
difference between Switzerland and most other nations is the willingness and
ability of Swiss banks to defend these rights. This chapter provides a thorough
and insightful analysis of the current status and powerful history of
Switzerland's bank secrecy laws and enforcement, the origins of which date back
hundreds of years. Two world wars, the National Socialist movement in Germany,
and efforts of both Swiss and international governments to curtail tax evasion,
tax fraud, money laundering, insider trading, terrorist financing, and
corruption have transformed these laws and practices.},
pages = {97--149},
publisher = {John Wiley \& Sons, Inc.},
booktitle = {Robert W. Kolb Series},
isbn = {9781118131268},
year = {2012},
title = {Swiss Banking Secrecy},
language = {eng},
address = {Hoboken, NJ, USA},
author = {Meier, Henri B. and Marthinsen, John E. and Gantenbein, Pascal A.},
keywords = {Banking Secrecy ; Direct Democracy ; Money Laundering ; Neutrality ;
Numbered Accounts ; Swiss Banking Secrecy ; Tax Evasion Versus Tax Fraud},
}


@article{ConfClass1,
title = {Un parcours singulier dans l'histoire de la presse romande: 
 \textit{}Gazette de Lausanne} (1798-1991) et \textit{Journal de Genève} (1826-1998) (Conférence)},
year = {31 octobre 2018},
author = {Clavien, Alain},
language = {fr},
address = {EPFL},
}

@MISC{EvB,
        author = {Weibel, Andrea},
        title = {Déclaration de Berne},
        editor = {Dictionnaire historique de la Suisse},
        URL = {\url{http://www.hls-dhs-dss.ch/textes/f/F47101.php}},
        year = {2 fevrier 2018}
}

@article{NeufVies,
title = {Les neuf vies du secret bancaire helvétique},
year = {fevrier 2011},
author = {Guex, Sébastien},
journal = {Le Monde diplomatique},
pages = {4-5},
url = {\url{https://www.monde-diplomatique.fr/2011/02/GUEX/20150}},
language = {fr}
}
